
    <zs:record>
      <zs:recordSchema/>
      <zs:recordPacking>xml</zs:recordPacking>
      <zs:recordData>
        <record xmlns="http://www.loc.gov/MARC21/slim">
          <leader>01257cam a2200241   4500</leader>
          <controlfield tag="001">4086027</controlfield>
          <controlfield tag="005">19901224091900.2</controlfield>
          <controlfield tag="008">730117t19731958ctu      b    001 0 eng  </controlfield>
          <datafield tag="035" ind1=" " ind2=" ">
            <subfield code="9">(DLC)   73000673</subfield>
          </datafield>
          <datafield tag="906" ind1=" " ind2=" ">
            <subfield code="a">7</subfield>
            <subfield code="b">cbc</subfield>
            <subfield code="c">orignew</subfield>
            <subfield code="d">1</subfield>
            <subfield code="e">ocip</subfield>
            <subfield code="f">19</subfield>
            <subfield code="g">y-gencatlg</subfield>
          </datafield>
          <datafield tag="010" ind1=" " ind2=" ">
            <subfield code="a">   73000673 </subfield>
          </datafield>
          <datafield tag="020" ind1=" " ind2=" ">
            <subfield code="a">0208013156</subfield>
          </datafield>
          <datafield tag="040" ind1=" " ind2=" ">
            <subfield code="a">DLC</subfield>
            <subfield code="c">DLC</subfield>
            <subfield code="d">DLC</subfield>
          </datafield>
          <datafield tag="043" ind1=" " ind2=" ">
            <subfield code="a">e-uk---</subfield>
            <subfield code="a">e-ie---</subfield>
          </datafield>
          <datafield tag="050" ind1="1" ind2="0">
            <subfield code="a">BR748</subfield>
            <subfield code="b">.S87 1973</subfield>
          </datafield>
          <datafield tag="082" ind1="0" ind2="0">
            <subfield code="a">274.2</subfield>
          </datafield>
          <datafield tag="245" ind1="0" ind2="0">
            <subfield code="a">Studies in the early British church,</subfield>
            <subfield code="c">by Nora K. Chadwick [and others]</subfield>
          </datafield>
          <datafield tag="260" ind1=" " ind2=" ">
            <subfield code="a">[Hamden, Conn.]</subfield>
            <subfield code="b">Archon Books,</subfield>
            <subfield code="c">1973 [c1958]</subfield>
          </datafield>
          <datafield tag="300" ind1=" " ind2=" ">
            <subfield code="a">vii, 374 p.</subfield>
            <subfield code="c">22 cm.</subfield>
          </datafield>
          <datafield tag="504" ind1=" " ind2=" ">
            <subfield code="a">Includes bibliographical references.</subfield>
          </datafield>
          <datafield tag="505" ind1="0" ind2=" ">
            <subfield code="a">Chadwick, N. K. Introduction.--Chadwick, N. K. Early culture and learning in North Wales.--Chadwick, N. K. Intellectual life in West Wales in the last days of the Celtic Church.--Hughes, K. British Museum Ms. Cotton Vespasian A. XIV ('Vitae Sanctorum Wallensium'): its purpose and provenance.--Brooke, C. The archbishops of St. David's, Llandaff, and Caerleon-on-Usk.--Hughes, K. The distribution of Irish scriptoria and centres of learning from 730 to 1111.--Jackson, K. H. The sources for the Life of St. Kentigern.</subfield>
          </datafield>
          <datafield tag="650" ind1=" " ind2="0">
            <subfield code="a">Celtic Church.</subfield>
          </datafield>
          <datafield tag="700" ind1="1" ind2=" ">
            <subfield code="a">Chadwick, Nora K.</subfield>
            <subfield code="q">(Nora Kershaw),</subfield>
            <subfield code="d">1891-1972.</subfield>
          </datafield>
        </record>
      </zs:recordData>
      <zs:recordPosition>3</zs:recordPosition>
    </zs:record>