
    <zs:record>
      <zs:recordSchema/>
      <zs:recordPacking>xml</zs:recordPacking>
      <zs:recordData>
        <record xmlns="http://www.loc.gov/MARC21/slim">
          <leader>01465cam a22003491  4500</leader>
          <controlfield tag="001">6850003</controlfield>
          <controlfield tag="005">20221207104230.0</controlfield>
          <controlfield tag="008">720518s1921    enk           000 0 eng  </controlfield>
          <datafield tag="906" ind1=" " ind2=" ">
            <subfield code="a">7</subfield>
            <subfield code="b">cbc</subfield>
            <subfield code="c">oclcrpl</subfield>
            <subfield code="d">u</subfield>
            <subfield code="e">ncip</subfield>
            <subfield code="f">19</subfield>
            <subfield code="g">y-gencatlg</subfield>
          </datafield>
          <datafield tag="955" ind1=" " ind2=" ">
            <subfield code="u">ma02 2022-12-06</subfield>
          </datafield>
          <datafield tag="035" ind1=" " ind2=" ">
            <subfield code="9">(DLC)   21016024</subfield>
          </datafield>
          <datafield tag="010" ind1=" " ind2=" ">
            <subfield code="a">   21016024 </subfield>
          </datafield>
          <datafield tag="035" ind1=" " ind2=" ">
            <subfield code="a">(OCoLC)311861</subfield>
          </datafield>
          <datafield tag="040" ind1=" " ind2=" ">
            <subfield code="a">DLC</subfield>
            <subfield code="c">ODaWU</subfield>
            <subfield code="d">WU</subfield>
            <subfield code="d">DLC</subfield>
          </datafield>
          <datafield tag="041" ind1="0" ind2=" ">
            <subfield code="a">eng</subfield>
            <subfield code="h">ice</subfield>
          </datafield>
          <datafield tag="050" ind1="0" ind2="0">
            <subfield code="a">PT7262.E5</subfield>
            <subfield code="b">C5</subfield>
          </datafield>
          <datafield tag="100" ind1="1" ind2=" ">
            <subfield code="a">Chadwick, Nora K.</subfield>
            <subfield code="q">(Nora Kershaw),</subfield>
            <subfield code="d">1891-1972,</subfield>
            <subfield code="e">editor,</subfield>
            <subfield code="e">translator.</subfield>
          </datafield>
          <datafield tag="245" ind1="1" ind2="0">
            <subfield code="a">Stories and ballads of the far past,</subfield>
            <subfield code="c">translated from the Norse (Icelandic and Faroese) with introduction and notes by N Kershaw.</subfield>
          </datafield>
          <datafield tag="260" ind1=" " ind2=" ">
            <subfield code="a">Cambridge,</subfield>
            <subfield code="b">University press,</subfield>
            <subfield code="c">1921.</subfield>
          </datafield>
          <datafield tag="300" ind1=" " ind2=" ">
            <subfield code="a">vi, [2], 256 p.</subfield>
            <subfield code="c">21 cm.</subfield>
          </datafield>
          <datafield tag="500" ind1=" " ind2=" ">
            <subfield code="a">Contains music.</subfield>
          </datafield>
          <datafield tag="500" ind1=" " ind2=" ">
            <subfield code="a">"List of editions and translations" : p. [254]-256.</subfield>
          </datafield>
          <datafield tag="505" ind1="0" ind2=" ">
            <subfield code="a">Sagas : Tháttr of Nornagest. Tháttr of Sörli. Saga of Hromund Greipsson. Saga of Hervor and Heithrek. Appendix : The combat at Samsø and Hjalmar's death song.-- Ballads : Gríplur I. Ballad of Arngrim's sons. Gátu rima. Hildina.</subfield>
          </datafield>
          <datafield tag="650" ind1=" " ind2="0">
            <subfield code="a">Sagas.</subfield>
          </datafield>
          <datafield tag="650" ind1=" " ind2="0">
            <subfield code="a">Folk songs, Scandinavian.</subfield>
          </datafield>
          <datafield tag="650" ind1=" " ind2="0">
            <subfield code="a">Old Norse literature</subfield>
            <subfield code="x">Translations into English.</subfield>
          </datafield>
          <datafield tag="730" ind1="0" ind2="2">
            <subfield code="a">Norna-Gests saga.</subfield>
          </datafield>
          <datafield tag="730" ind1="0" ind2="2">
            <subfield code="a">Sörla Þáttr.</subfield>
          </datafield>
          <datafield tag="730" ind1="0" ind2="2">
            <subfield code="a">Hrómundar saga Greipssonar.</subfield>
          </datafield>
          <datafield tag="730" ind1="0" ind2="2">
            <subfield code="a">Hervors saga ok Heiðreks konungs.</subfield>
          </datafield>
          <datafield tag="985" ind1=" " ind2=" ">
            <subfield code="e">OCLC REPLACEMENT</subfield>
          </datafield>
          <datafield tag="991" ind1=" " ind2=" ">
            <subfield code="b">c-GenColl</subfield>
            <subfield code="h">PT7262.E5</subfield>
            <subfield code="i">C5</subfield>
            <subfield code="t">Copy 1</subfield>
            <subfield code="w">OCLCREP</subfield>
          </datafield>
        </record>
      </zs:recordData>
      <zs:recordPosition>19</zs:recordPosition>
    </zs:record>